@ARTICLE{2022arXiv221113611O,
       author = {{O'Mullane}, William and {Economou}, Frossie and {Lim}, Kian-Tat and {Mueller}, Fritz and {Jenness}, Tim and {Dubois-Felsmann}, Gregory P. and {Guy}, Leanne P. and {Sullivan}, Ian S. and {AlSayyad}, Yusra and {Swinbank}, John D. and {Krughoff}, K. Simon},
        title = "{Software Architecture and System Design of Rubin Observatory}",
      journal = {arXiv e-prints},
     keywords = {Astrophysics - Instrumentation and Methods for Astrophysics, Computer Science - Software Engineering},
         year = 2022,
        month = nov,
          eid = {arXiv:2211.13611},
        pages = {arXiv:2211.13611},
          doi = {10.48550/arXiv.2211.13611},
archivePrefix = {arXiv},
       eprint = {2211.13611},
 primaryClass = {astro-ph.IM},
       adsurl = {https://ui.adsabs.harvard.edu/abs/2022arXiv221113611O},
      adsnote = {Provided by the SAO/NASA Astrophysics Data System}
}

@INPROCEEDINGS{2020SPIE11452E..0UI,
       author = {{Ingraham}, Patrick and {Clements}, Andy W. and {Ribeiro}, Tiago and {Reuter}, Michael A. and {Fisher-Levine}, Merlin and {Hoblitt}, Joshua and {Lupton}, Robert H. and {Thomas}, Sandrine and {Stubbs}, Christopher W. and {Arndt}, Kirk T. and {Callahan}, Nick and {Claver}, Charles F. and {Colleoni}, Franco and {Corral}, Luis and {Doherty}, Peter and {Economou}, Frossie and {Fausti Neto}, Angel and {Jenness}, Tim and {Khine}, Htut and {Krughoff}, K. Simon and {Mondrik}, Nicholas and {Menanteau}, Felipe and {Mills}, David J. and {O'Mullane}, William and {Reil}, Kevin A. and {Rivera}, Mario and {Stalder}, Brian and {Sebag}, Jacques and {Shipsey}, Ian and {Tighe}, Roberto and {Thornton}, Adam J. and {Villalobos}, Andres and {Wiecha}, Oliver},
        title = "{Vera C. Rubin Observatory auxiliary telescope commissioning as a control system pathfinder}",
    booktitle = {Software and Cyberinfrastructure for Astronomy VI},
         year = 2020,
       editor = {{Guzman}, Juan C. and {Ibsen}, Jorge},
       series = {Society of Photo-Optical Instrumentation Engineers (SPIE) Conference Series},
       volume = {11452},
        month = dec,
          eid = {114520U},
        pages = {114520U},
          doi = {10.1117/12.2561112},
       adsurl = {https://ui.adsabs.harvard.edu/abs/2020SPIE11452E..0UI},
      adsnote = {Provided by the SAO/NASA Astrophysics Data System}
}

@INPROCEEDINGS{2022SPIE12182E..0WT,
       author = {{Thomas}, Sandrine J. and {Barr}, Jeffrey and {Callahan}, Shawn and {Clements}, Andy W. and {Daruich}, Felipe and {F{\'a}brega}, Juan and {Ingraham}, Patrick and {Mu{\~n}oz}, Freddy and {Neill}, Douglas and {Ribeiro}, Tiago and {Sebag}, Jacques and {Serrano}, Eduardo and {Stalder}, Brian and {Tighe}, Roberto and {Vucina}, Tomislav and {Connolly}, Andrew and {Kalmbach}, J. Bryce and {Suberlak}, Chris and {Tsai}, Te-Wei},
        title = "{Rubin Observatory Simonyi Survey Telescope status overview}",
    booktitle = {Ground-based and Airborne Telescopes IX},
         year = 2022,
       editor = {{Marshall}, Heather K. and {Spyromilio}, Jason and {Usuda}, Tomonori},
       series = {Society of Photo-Optical Instrumentation Engineers (SPIE) Conference Series},
       volume = {12182},
        month = aug,
          eid = {121820W},
        pages = {121820W},
          doi = {10.1117/12.2630226},
       adsurl = {https://ui.adsabs.harvard.edu/abs/2022SPIE12182E..0WT},
      adsnote = {Provided by the SAO/NASA Astrophysics Data System}
}

@Misc{PSTN-019,
      author = {James F. Bosch},
       title = "{LSST Science Pipelines}",
   publisher = "{{Vera C. Rubin Observatory}}",
        year = 2024,
       month = sep,
      handle = {PSTN-019},
        note = {{Vera C. Rubin Observatory Project Science Technical Note PSTN-019}},
         url = {https://pstn-020.lsst.io/} }

